@phdthesis{serra:tel-01261497,
TITLE = {{Orbital proximity operations : evaluation of collision risk and computation of optimal maneuvers for avoidance and rendezvous}},
AUTHOR = {Serra, Romain},
URL = {https://tel.archives-ouvertes.fr/tel-01261497},
NUMBER = {2015ISAT0035},
SCHOOL = {{INSA de Toulouse}},
YEAR = {2015},
MONTH = Dec,
KEYWORDS = {Optimization ; Chance constraint ; Scenario approach ; Collision avoidance ; Collision probability ; Series expansion ; Definite functions ; Orbital collision ; Space debris ; Rendezvous ; Optimal control ; Primer vector ; Optimisation ; D{\'e}veloppement en s{\'e}rie ; Fonctions holonomes ; Collision en orbite ; D{\'e}bris spatiaux ; Rendez-vous ; Commande optimale ; Vecteur efficacit{\'e} ; Probabilit{\'e} de collision ; Approche sc{\'e}narios ; {\'E}vitement de collision ; Contrainte probabiliste},
TYPE = {Theses},
PDF = {https://tel.archives-ouvertes.fr/tel-01261497/file/SERRA%20R.pdf},
HAL_ID = {tel-01261497},
HAL_VERSION = {v1},
}

@article{alfano2009satellite,
 title={Satellite conjunction monte carlo analysis},
 author={Alfano, Salvatore},
 journal={AAS Spaceflight Mechanics Mtg, Pittsburgh, PA., Paper},
 pages={09--233},
 year={2009}
}

@article{yamanaka2002new,
 title={New state transition matrix for relative motion on an arbitrary elliptical orbit},
 author={Yamanaka, Koji and Ankersen, Finn},
 journal={Journal of guidance, control, and dynamics},
 volume={25},
 number={1},
 pages={60--66},
 year={2002}
}

@techreport{arzelier2008etude,
 title={Etude bibliographique sur la modelisation du mouvement relatif pour le probleme du rendezvous, convention cnes no. 71372/00, EADS-Astrium},
 author={ARZELIER, D and THERON, A and ZAITRI, MK},
 year={2008},
 institution={LAAS-CNRS/CNES}
}

@article{henrion2012gradient,
 title={A gradient formula for linear chance constraints under Gaussian distribution},
 author={Henrion, Ren{\'e} and M{\"o}ller, Andris},
 journal={Mathematics of Operations Research},
 volume={37},
 number={3},
 pages={475--488},
 year={2012},
 publisher={INFORMS}
}

@InProceedings{10.1007/978-3-319-17518-8_39,
author="Serra, Romain
and Arzelier, Denis
and Joldes, Mioara
and Rondepierre, Aude",
editor="Bordeneuve-Guib{\'e}, Jo{\"e}l
and Drouin, Antoine
and Roos, Cl{\'e}ment",
title="Probabilistic Collision Avoidance for Long-term Space Encounters via Risk Selection",
booktitle="Advances in Aerospace Guidance, Navigation and Control",
year="2015",
publisher="Springer International Publishing",
address="Cham",
pages="679--698",
abstract="This paper deals with collision avoidance between two space objects involved in a long-term encounter, assuming Keplerian linearized dynamics. The primary object is an active spacecraft - able to perform propulsive maneuvers - originally set on a reference orbit. The secondary object - typically an orbital debris - is passive and represents a threat to the primary. The collision avoidance problem addressed in this paper aims at computing a fuel-optimal, finite sequence of impulsive maneuvers performed by the active spacecraft such that instantaneous collision probability remains below a given threshold over the encounter and that the primary object goes back to its reference trajectory at the end of the mission. Two successive relaxations are used to turn the original hard chance-constrained problem into a deterministic version that can be solved using mixed-integer linear programming solvers. An additional contribution is to propose a new algorithm to compute probabilities for 3-D Gaussian random variables to lie in Euclidean balls, enabling us to numerically validate the computed maneuvers by efficiently evaluating the resulting instantaneous collision probabilities.",
isbn="978-3-319-17518-8"
}

@article{vallado2004covariance,
  title={Covariance transformations for satellite flight dynamics operations},
  author={Vallado, David A},
  year={2004},
  publisher={Citeseer}
}

@book{book:911134,
   title =     {Fundamentals of astrodynamics and applications},
   author =    {David A Vallado},
   publisher = {McGraw-Hill},
   isbn =      {0070668299,9780070668294,0070668345,9780070668348},
   year =      {1997},
   series =    {Space technology series},
   edition =   {1ed.}
}

@article{QUA,
author = {Guiziou Robert and Chiavassa Rolland},
title = {Dynamique d'un satellite et quaternion d'attitude},
month = {September},
year = {2011}
}

@article{ADC,
author = {Giulio Avanzini},
title = {Spacecraft Attitude Dynamics and Control},
month = {Mars},
year = {2009},
note = {Politecnico di Torino}
}
